%YAML 1.1
%TAG !u! tag:unity3d.com,2011:
--- !u!1 &6426783357077050325
GameObject:
  m_ObjectHideFlags: 0
  m_CorrespondingSourceObject: {fileID: 0}
  m_PrefabInstance: {fileID: 0}
  m_PrefabAsset: {fileID: 0}
  serializedVersion: 6
  m_Component:
  - component: {fileID: 1601252413736838525}
  m_Layer: 0
  m_Name: StaticSpikes 1
  m_TagString: Untagged
  m_Icon: {fileID: 0}
  m_NavMeshLayer: 0
  m_StaticEditorFlags: 0
  m_IsActive: 1
--- !u!4 &1601252413736838525
Transform:
  m_ObjectHideFlags: 0
  m_CorrespondingSourceObject: {fileID: 0}
  m_PrefabInstance: {fileID: 0}
  m_PrefabAsset: {fileID: 0}
  m_GameObject: {fileID: 6426783357077050325}
  m_LocalRotation: {x: -0, y: -0, z: -0, w: 1}
  m_LocalPosition: {x: -2.0264397, y: -8.035091, z: 4.7435155}
  m_LocalScale: {x: 1, y: 1, z: 1}
  m_Children:
  - {fileID: 1227091775380230627}
  - {fileID: 1231542959768255215}
  - {fileID: 1231542960230077884}
  m_Father: {fileID: 0}
  m_RootOrder: 0
  m_LocalEulerAnglesHint: {x: 0, y: 0, z: 0}
--- !u!1001 &3272160858718540085
PrefabInstance:
  m_ObjectHideFlags: 0
  serializedVersion: 2
  m_Modification:
    m_TransformParent: {fileID: 1601252413736838525}
    m_Modifications:
    - target: {fileID: 4354573475936764116, guid: 3ebe4d689175c364ea3fead515343ab4,
        type: 3}
      propertyPath: m_Name
      value: staticSpikes
      objectReference: {fileID: 0}
    - target: {fileID: 4354573475936764117, guid: 3ebe4d689175c364ea3fead515343ab4,
        type: 3}
      propertyPath: speed
      value: 0
      objectReference: {fileID: 0}
    - target: {fileID: 4354573475936764117, guid: 3ebe4d689175c364ea3fead515343ab4,
        type: 3}
      propertyPath: m_Enabled
      value: 0
      objectReference: {fileID: 0}
    - target: {fileID: 4354573475936764118, guid: 3ebe4d689175c364ea3fead515343ab4,
        type: 3}
      propertyPath: m_LocalPosition.x
      value: -1.7235603
      objectReference: {fileID: 0}
    - target: {fileID: 4354573475936764118, guid: 3ebe4d689175c364ea3fead515343ab4,
        type: 3}
      propertyPath: m_LocalPosition.y
      value: 3.7850914
      objectReference: {fileID: 0}
    - target: {fileID: 4354573475936764118, guid: 3ebe4d689175c364ea3fead515343ab4,
        type: 3}
      propertyPath: m_LocalPosition.z
      value: -4.7435155
      objectReference: {fileID: 0}
    - target: {fileID: 4354573475936764118, guid: 3ebe4d689175c364ea3fead515343ab4,
        type: 3}
      propertyPath: m_LocalRotation.x
      value: -0
      objectReference: {fileID: 0}
    - target: {fileID: 4354573475936764118, guid: 3ebe4d689175c364ea3fead515343ab4,
        type: 3}
      propertyPath: m_LocalRotation.y
      value: -0
      objectReference: {fileID: 0}
    - target: {fileID: 4354573475936764118, guid: 3ebe4d689175c364ea3fead515343ab4,
        type: 3}
      propertyPath: m_LocalRotation.z
      value: -0
      objectReference: {fileID: 0}
    - target: {fileID: 4354573475936764118, guid: 3ebe4d689175c364ea3fead515343ab4,
        type: 3}
      propertyPath: m_LocalRotation.w
      value: 1
      objectReference: {fileID: 0}
    - target: {fileID: 4354573475936764118, guid: 3ebe4d689175c364ea3fead515343ab4,
        type: 3}
      propertyPath: m_RootOrder
      value: 0
      objectReference: {fileID: 0}
    - target: {fileID: 4354573475936764118, guid: 3ebe4d689175c364ea3fead515343ab4,
        type: 3}
      propertyPath: m_LocalEulerAnglesHint.x
      value: 0
      objectReference: {fileID: 0}
    - target: {fileID: 4354573475936764118, guid: 3ebe4d689175c364ea3fead515343ab4,
        type: 3}
      propertyPath: m_LocalEulerAnglesHint.y
      value: 0
      objectReference: {fileID: 0}
    - target: {fileID: 4354573475936764118, guid: 3ebe4d689175c364ea3fead515343ab4,
        type: 3}
      propertyPath: m_LocalEulerAnglesHint.z
      value: 0
      objectReference: {fileID: 0}
    - target: {fileID: 6279705557160151949, guid: 3ebe4d689175c364ea3fead515343ab4,
        type: 3}
      propertyPath: m_LocalPosition.y
      value: 1.09
      objectReference: {fileID: 0}
    - target: {fileID: 7376459634465156862, guid: 3ebe4d689175c364ea3fead515343ab4,
        type: 3}
      propertyPath: m_IsTrigger
      value: 1
      objectReference: {fileID: 0}
    - target: {fileID: 8851609500214520777, guid: 3ebe4d689175c364ea3fead515343ab4,
        type: 3}
      propertyPath: player
      value: 
      objectReference: {fileID: 0}
    - target: {fileID: 8851609500214520777, guid: 3ebe4d689175c364ea3fead515343ab4,
        type: 3}
      propertyPath: respawnPoints
      value: 
      objectReference: {fileID: 0}
    - target: {fileID: 8851609500214520777, guid: 3ebe4d689175c364ea3fead515343ab4,
        type: 3}
      propertyPath: audioSource
      value: 
      objectReference: {fileID: 0}
    - target: {fileID: 8851609500214520777, guid: 3ebe4d689175c364ea3fead515343ab4,
        type: 3}
      propertyPath: wizardWhack
      value: 
      objectReference: {fileID: 8300000, guid: e42b35f76b4f7b5479cb915f45292924, type: 3}
    - target: {fileID: 8851609500214520777, guid: 3ebe4d689175c364ea3fead515343ab4,
        type: 3}
      propertyPath: deathPoint
      value: 
      objectReference: {fileID: 6572106589932798436}
    m_RemovedComponents: []
  m_SourcePrefab: {fileID: 100100000, guid: 3ebe4d689175c364ea3fead515343ab4, type: 3}
--- !u!4 &1227091775380230627 stripped
Transform:
  m_CorrespondingSourceObject: {fileID: 4354573475936764118, guid: 3ebe4d689175c364ea3fead515343ab4,
    type: 3}
  m_PrefabInstance: {fileID: 3272160858718540085}
  m_PrefabAsset: {fileID: 0}
--- !u!4 &6572106589932798436 stripped
Transform:
  m_CorrespondingSourceObject: {fileID: 8529216165298950353, guid: 3ebe4d689175c364ea3fead515343ab4,
    type: 3}
  m_PrefabInstance: {fileID: 3272160858718540085}
  m_PrefabAsset: {fileID: 0}
--- !u!1001 &3272160858867380292
PrefabInstance:
  m_ObjectHideFlags: 0
  serializedVersion: 2
  m_Modification:
    m_TransformParent: {fileID: 1601252413736838525}
    m_Modifications:
    - target: {fileID: 4359023996958968491, guid: 6b94dc90b7530ef47a7908b8e55a237d,
        type: 3}
      propertyPath: m_LocalPosition.x
      value: 4
      objectReference: {fileID: 0}
    - target: {fileID: 4359023996958968491, guid: 6b94dc90b7530ef47a7908b8e55a237d,
        type: 3}
      propertyPath: m_LocalPosition.y
      value: 0
      objectReference: {fileID: 0}
    - target: {fileID: 4359023996958968491, guid: 6b94dc90b7530ef47a7908b8e55a237d,
        type: 3}
      propertyPath: m_LocalPosition.z
      value: 0
      objectReference: {fileID: 0}
    - target: {fileID: 4359023996958968491, guid: 6b94dc90b7530ef47a7908b8e55a237d,
        type: 3}
      propertyPath: m_LocalRotation.x
      value: -0
      objectReference: {fileID: 0}
    - target: {fileID: 4359023996958968491, guid: 6b94dc90b7530ef47a7908b8e55a237d,
        type: 3}
      propertyPath: m_LocalRotation.y
      value: -0
      objectReference: {fileID: 0}
    - target: {fileID: 4359023996958968491, guid: 6b94dc90b7530ef47a7908b8e55a237d,
        type: 3}
      propertyPath: m_LocalRotation.z
      value: -0
      objectReference: {fileID: 0}
    - target: {fileID: 4359023996958968491, guid: 6b94dc90b7530ef47a7908b8e55a237d,
        type: 3}
      propertyPath: m_LocalRotation.w
      value: 1
      objectReference: {fileID: 0}
    - target: {fileID: 4359023996958968491, guid: 6b94dc90b7530ef47a7908b8e55a237d,
        type: 3}
      propertyPath: m_RootOrder
      value: 1
      objectReference: {fileID: 0}
    - target: {fileID: 4359023996958968491, guid: 6b94dc90b7530ef47a7908b8e55a237d,
        type: 3}
      propertyPath: m_LocalEulerAnglesHint.x
      value: 0
      objectReference: {fileID: 0}
    - target: {fileID: 4359023996958968491, guid: 6b94dc90b7530ef47a7908b8e55a237d,
        type: 3}
      propertyPath: m_LocalEulerAnglesHint.y
      value: 0
      objectReference: {fileID: 0}
    - target: {fileID: 4359023996958968491, guid: 6b94dc90b7530ef47a7908b8e55a237d,
        type: 3}
      propertyPath: m_LocalEulerAnglesHint.z
      value: 0
      objectReference: {fileID: 0}
    - target: {fileID: 8319858000682138627, guid: 6b94dc90b7530ef47a7908b8e55a237d,
        type: 3}
      propertyPath: m_Name
      value: StaticSpikes (1)
      objectReference: {fileID: 0}
    - target: {fileID: 9077181706871018794, guid: 6b94dc90b7530ef47a7908b8e55a237d,
        type: 3}
      propertyPath: player
      value: 
      objectReference: {fileID: 0}
    - target: {fileID: 9077181706871018794, guid: 6b94dc90b7530ef47a7908b8e55a237d,
        type: 3}
      propertyPath: respawnPoints
      value: 
      objectReference: {fileID: 0}
    - target: {fileID: 9077181706871018794, guid: 6b94dc90b7530ef47a7908b8e55a237d,
        type: 3}
      propertyPath: audioSource
      value: 
      objectReference: {fileID: 0}
    m_RemovedComponents: []
  m_SourcePrefab: {fileID: 100100000, guid: 6b94dc90b7530ef47a7908b8e55a237d, type: 3}
--- !u!4 &1231542959768255215 stripped
Transform:
  m_CorrespondingSourceObject: {fileID: 4359023996958968491, guid: 6b94dc90b7530ef47a7908b8e55a237d,
    type: 3}
  m_PrefabInstance: {fileID: 3272160858867380292}
  m_PrefabAsset: {fileID: 0}
--- !u!1001 &3272160859056578327
PrefabInstance:
  m_ObjectHideFlags: 0
  serializedVersion: 2
  m_Modification:
    m_TransformParent: {fileID: 1601252413736838525}
    m_Modifications:
    - target: {fileID: 4359023996958968491, guid: 6b94dc90b7530ef47a7908b8e55a237d,
        type: 3}
      propertyPath: m_LocalPosition.x
      value: 2
      objectReference: {fileID: 0}
    - target: {fileID: 4359023996958968491, guid: 6b94dc90b7530ef47a7908b8e55a237d,
        type: 3}
      propertyPath: m_LocalPosition.y
      value: 0
      objectReference: {fileID: 0}
    - target: {fileID: 4359023996958968491, guid: 6b94dc90b7530ef47a7908b8e55a237d,
        type: 3}
      propertyPath: m_LocalPosition.z
      value: 0
      objectReference: {fileID: 0}
    - target: {fileID: 4359023996958968491, guid: 6b94dc90b7530ef47a7908b8e55a237d,
        type: 3}
      propertyPath: m_LocalRotation.x
      value: -0
      objectReference: {fileID: 0}
    - target: {fileID: 4359023996958968491, guid: 6b94dc90b7530ef47a7908b8e55a237d,
        type: 3}
      propertyPath: m_LocalRotation.y
      value: -0
      objectReference: {fileID: 0}
    - target: {fileID: 4359023996958968491, guid: 6b94dc90b7530ef47a7908b8e55a237d,
        type: 3}
      propertyPath: m_LocalRotation.z
      value: -0
      objectReference: {fileID: 0}
    - target: {fileID: 4359023996958968491, guid: 6b94dc90b7530ef47a7908b8e55a237d,
        type: 3}
      propertyPath: m_LocalRotation.w
      value: 1
      objectReference: {fileID: 0}
    - target: {fileID: 4359023996958968491, guid: 6b94dc90b7530ef47a7908b8e55a237d,
        type: 3}
      propertyPath: m_RootOrder
      value: 2
      objectReference: {fileID: 0}
    - target: {fileID: 4359023996958968491, guid: 6b94dc90b7530ef47a7908b8e55a237d,
        type: 3}
      propertyPath: m_LocalEulerAnglesHint.x
      value: 0
      objectReference: {fileID: 0}
    - target: {fileID: 4359023996958968491, guid: 6b94dc90b7530ef47a7908b8e55a237d,
        type: 3}
      propertyPath: m_LocalEulerAnglesHint.y
      value: 0
      objectReference: {fileID: 0}
    - target: {fileID: 4359023996958968491, guid: 6b94dc90b7530ef47a7908b8e55a237d,
        type: 3}
      propertyPath: m_LocalEulerAnglesHint.z
      value: 0
      objectReference: {fileID: 0}
    - target: {fileID: 8319858000682138627, guid: 6b94dc90b7530ef47a7908b8e55a237d,
        type: 3}
      propertyPath: m_Name
      value: StaticSpikes (2)
      objectReference: {fileID: 0}
    - target: {fileID: 9077181706871018794, guid: 6b94dc90b7530ef47a7908b8e55a237d,
        type: 3}
      propertyPath: player
      value: 
      objectReference: {fileID: 0}
    - target: {fileID: 9077181706871018794, guid: 6b94dc90b7530ef47a7908b8e55a237d,
        type: 3}
      propertyPath: respawnPoints
      value: 
      objectReference: {fileID: 0}
    - target: {fileID: 9077181706871018794, guid: 6b94dc90b7530ef47a7908b8e55a237d,
        type: 3}
      propertyPath: audioSource
      value: 
      objectReference: {fileID: 0}
    m_RemovedComponents: []
  m_SourcePrefab: {fileID: 100100000, guid: 6b94dc90b7530ef47a7908b8e55a237d, type: 3}
--- !u!4 &1231542960230077884 stripped
Transform:
  m_CorrespondingSourceObject: {fileID: 4359023996958968491, guid: 6b94dc90b7530ef47a7908b8e55a237d,
    type: 3}
  m_PrefabInstance: {fileID: 3272160859056578327}
  m_PrefabAsset: {fileID: 0}
